@article{曹敏GB,
  title={GB/T 7714-2015《信息与文献  参考文献著录规则》标准解析},
  author={曹敏},
  journal={科技与出版},
  number={9},
  pages={47-50}
}

@article{陈浩元2015gb,
  title={GB/T 7714 新标准对旧标准的主要修改及实施要点提示},
  author={陈浩元},
  journal={编辑学报},
  volume={27},
  number={4},
  pages={339--343},
  year={2015}
}